<?xml version="1.0" encoding="UTF-8"?><record xmlns="http://www.loc.gov/MARC21/slim" xmlns:cinclude="http://apache.org/cocoon/include/1.0" xmlns:zs="http://www.loc.gov/zing/srw/">
  <leader>00435cz  a2200145n  4500</leader>
  <controlfield tag="001">n  85130552 </controlfield>
  <controlfield tag="003">DLC</controlfield>
  <controlfield tag="005">20080705080257.0</controlfield>
  <controlfield tag="008">851007n| acannaabn          |n aaa      </controlfield>
  <datafield tag="010" ind1=" " ind2=" ">
    <subfield code="a">n  85130552 </subfield>
  </datafield>
  <datafield tag="035" ind1=" " ind2=" ">
    <subfield code="a">(OCoLC)oca01469997</subfield>
  </datafield>
  <datafield tag="040" ind1=" " ind2=" ">
    <subfield code="a">DLC</subfield>
    <subfield code="b">eng</subfield>
    <subfield code="c">DLC</subfield>
    <subfield code="d">OCoLC</subfield>
  </datafield>
  <datafield tag="100" ind1="1" ind2=" ">
    <subfield code="a">Schajowicz, Ludwig</subfield>
  </datafield>
  <datafield tag="670" ind1=" " ind2=" ">
    <subfield code="a">His De Winckelmann a Heidegger, 1985:</subfield>
    <subfield code="b">CIP t.p. (Ludwig Schajowicz)</subfield>
  </datafield>
  <datafield tag="670" ind1=" " ind2=" ">
    <subfield code="a">LC data base, 10/2/85</subfield>
    <subfield code="b">(hdg.: Schajowicz, Ludwig)</subfield>
  </datafield>
</record>